% This file was created with JabRef 2.7b.
% Encoding: UTF-8

@inproceedings{arasu,
  author = {Arasu, Arvind and Kaushik, Raghav and Li, Jian},
  title = {Data Generation Using Declarative Constraints},
  series = {SIGMOD, 2011}
} 
@inproceedings{datasynth,
  author = {Arasu, Arvind and Kaushik, Raghav and Li, Jian},
  title  = {DataSynth: Generating Synthetic Data using Declarative Constraints},
  series = {PVLDB, 2011}
}
@inproceedings{codd,
  author = {Trivedi, Rakshit S. and Nilavalagan, I. and Haritsa, Jayant R.},
  title = {{CODD}: C{O}nstructing {D}ataless {D}atabases},
  series = {DBTest, 2012}
} 
@inproceedings{rsgen,
  author = {Shen, Entong and Antova, Lyublena},
  title = {Reversing Statistics for Scalable Test Databases Generation},
  series = {DBTest, 2013}
}
@online{tpcds,
  title = {{TPC-DS} v2.3.0},
  year = 2016,
  howpublished = {\url{http://www.tpc.org/tpcds}}
}
@online{glpk,
  title = {{GLPK} v4.60},
  year = 2016,
  howpublished = {\url{https://www.gnu.org/software/glpk/}}
}
@online{ea,
  title = {explain analyze {P}ostgre{SQL} v9.5},
  year = 2016,
  howpublished = {\url{https://www.postgresql.org/docs/9.5/static/using-explain.html}}
}



@inproceedings{qagen,
 author = {Binnig, Carsten and Kossmann, Donald and Lo, Eric and \"{O}zsu, M. Tamer},
 title = {{QAG}en: Generating Query-aware Test Databases},
 series = {SIGMOD, 2007},
} 
@article{Lo:2010:FTD:1773653.1773678,
 author = {Lo, Eric and Binnig, Carsten and Kossmann, Donald and Tamer \"{O}zsu, M. and Hon, Wing-Kai},
 title = {A Framework for Testing DBMS Features},
 journal = {The VLDB Journal, 2010},
} 
@article{Bruno:2006:GQC:1175893.1176190,
 author = {Bruno, Nicolas and Chaudhuri, Surajit and Thomas, Dilys},
 title = {Generating Queries with Cardinality Constraints for DBMS Testing},
 journal = {IEEE Trans. on Knowl. and Data Eng., 2006},
} 
@inproceedings{Mishra:2008:GTQ:1376616.1376668,
 author = {Mishra, Chaitanya and Koudas, Nick and Zuzarte, Calisto},
 title = {Generating Targeted Queries for Database Testing},
 series = {SIGMOD, 2008},
} 

@inproceedings{Bruno:2001:SMW:375663.375686,
 author = {Bruno, Nicolas and Chaudhuri, Surajit and Gravano, Luis},
 title = {STHoles: A Multidimensional Workload-aware Histogram},
 series = {SIGMOD, 2001},
}
@article{Lo:2010:GDQ:1920841.1920950,
 author = {Lo, Eric and Cheng, Nick and Hon, Wing-Kai},
 title = {Generating Databases for Query Workloads},
 journal = {VLDB Endow., 2010},
} 
@article{Lo2014,
author="Lo, Eric
and Cheng, Nick
and Lin, Wilfred W. K.
and Hon, Wing-Kai
and Choi, Byron",
title="MyBenchmark: generating databases for query workloads",
journal="The VLDB Journal, 2014",
}
@inproceedings{Reddy:2005:APD:1083592.1083735,
 author = {Reddy, Naveen and Haritsa, Jayant R.},
 title = {Analyzing Plan Diagrams of Database Query Optimizers},
 series = {VLDB, 2005},
} 
@inproceedings{Bruno:2005:FDG:1083592.1083719,
 author = {Bruno, Nicolas and Chaudhuri, Surajit},
 title = {Flexible Database Generators},
 series = {VLDB, 2005},
} 
@article{Hoag:2007:PGS:1276301.1276305,
 author = {Hoag, Joseph E. and Thompson, Craig W.},
 title = {A Parallel General-purpose Synthetic Data Generator},
 journal = {SIGMOD Rec., 2007},
} 
@article{S.:2015:CDA:2824032.2824123,
 author = {S., Ashoke and Haritsa, Jayant R.},
 title = {{CODD}: A Dataless Approach to Big Data Testing},
 journal = {VLDB Endow., 2015},
} 
@book{Pearl:1988:PRI:52121,
 author = {Pearl, Judea},
 title = {Probabilistic Reasoning in Intelligent Systems: Networks of Plausible Inference},
 publisher = {Morgan Kaufmann Publishers Inc., 2014},
} 
